<record><leader>00000cas a22000007a 4500</leader><controlfield tag="001">12065955</controlfield><controlfield tag="008">850522d19331950wiuwr ne      0    0eng d</controlfield><datafield ind1=" " ind2=" " tag="010"><subfield code="a">sn 85040745 </subfield></datafield><datafield ind1=" " ind2=" " tag="040"><subfield code="a">NPV</subfield><subfield code="b">eng</subfield><subfield code="c">NPV</subfield><subfield code="d">OCLCQ</subfield></datafield><datafield ind1=" " ind2=" " tag="042"><subfield code="a">msc</subfield></datafield><datafield ind1=" " ind2=" " tag="045"><subfield code="a">x3x5</subfield></datafield><datafield ind1=" " ind2=" " tag="052"><subfield code="a">4123</subfield><subfield code="b">W5</subfield></datafield><datafield ind1="0" ind2="4" tag="245"><subfield code="a">The Waukesha County tribune.</subfield></datafield><datafield ind1="3" ind2="0" tag="246"><subfield code="a">County tribune</subfield></datafield><datafield ind1=" " ind2=" " tag="260"><subfield code="a">Waukesha, Wis. :</subfield><subfield code="b">E.J. Nelson</subfield></datafield><datafield ind1=" " ind2=" " tag="300"><subfield code="a">v. :</subfield><subfield code="b">ill.</subfield></datafield><datafield ind1=" " ind2=" " tag="310"><subfield code="a">Weekly</subfield></datafield><datafield ind1="1" ind2=" " tag="362"><subfield code="a">Began in 1933; ceased in Jan., 1950.</subfield><subfield code="z">Cf. Oehlerts, d. Guide to Wis. newspapers.</subfield></datafield><datafield ind1=" " ind2=" " tag="500"><subfield code="a">"With which is combined the Pewaukee Lake Diary, the Butler 400, &amp; the OKauchee Riser and ten other Waukesha County weekly newspapers."</subfield></datafield><datafield ind1=" " ind2=" " tag="500"><subfield code="a">Editor: E.J. Nelson, &lt;Jan. 29, 1848&gt;-&lt;Jan. 8, 1950&gt;.</subfield></datafield><datafield ind1=" " ind2=" " tag="515"><subfield code="a">Suspended publication: Aug. 4-Sept. 1, Sept. 15, Aept. 29-Nov. 20, 1949.</subfield></datafield><datafield ind1=" " ind2=" " tag="530"><subfield code="a">Available on microfilmfrom The State Historical Society of Wisconsin.</subfield></datafield><datafield ind1=" " ind2=" " tag="588"><subfield code="a">Description based on: Vol. 15, no. 25 (Aug. 7, 1947).</subfield></datafield><datafield ind1=" " ind2=" " tag="752"><subfield code="a">United States</subfield><subfield code="b">Wisconsin</subfield><subfield code="c">Waukesha</subfield><subfield code="d">Waukesha.</subfield></datafield><datafield ind1=" " ind2=" " tag="752"><subfield code="a">United States</subfield><subfield code="b">Wisconsin</subfield><subfield code="c">Waukesha</subfield><subfield code="d">Pewaukee.</subfield></datafield><datafield ind1=" " ind2=" " tag="752"><subfield code="a">United States</subfield><subfield code="b">Wisconsin</subfield><subfield code="c">Waukesha</subfield><subfield code="d">Butler.</subfield></datafield><datafield ind1=" " ind2=" " tag="752"><subfield code="a">United States</subfield><subfield code="b">Wisconsin</subfield><subfield code="c">Waukesha</subfield><subfield code="d">Okauchee.</subfield></datafield><datafield ind1="1" ind2=" " tag="029"><subfield code="a">AU@</subfield><subfield code="b">000025804787</subfield></datafield></record>